@article{duchon1977splines,
  title={Splines minimizing rotation-invariant semi-norms in soboley spaces},
  author={Duchon, J.},
  journal={Lecture notes in mathematics},
  volume={571/1977},
  pages={85-100},
  year={1977},
  publisher={Springer}
  }

@article{einbech2010data,
  title={Data compression and regression through local
  principal curves and surfaces},
  author={Einbeck, J. and Evers, L. and Powell, B.},
  journal={International journal of neural systems},
  volume={20},
  number={3},
  pages={177-192},
  year={2010},
  publisher={World Scientific Publishing Company}
}

@article{gerber2009dimensionality,
  title={Dimensionality reduction and principal surfaces via kernel map manifolds},
  author={Gerber, S. and Tasdien, T. and Whitaker, R.},
  journal={Computer Vision, 2009 IEEE 12th International Conference},
  pages={529-536},
  year={2009}
  }

@article{greven2011longitudinal,
  title={Longitudinal functional principal component analysis},
  author={Greven, S. and Crainiceanu, C. and Caffo, B. and Reich, D.},
  journal={Recent Advances in Functional Data Analysis and Related Topics},
  pages={149-154},
  year={2011},
  publisher={Springer}
}

@article{lee2012statistical,
  title={Statistical image analysis of longitudinal RAVENS images: methodology and case study},
  author={Lee, S and Zipunnikov, V and Caffo, B and Reich, D and Pham, D},
  journal={Technical Report},
  year={2012},
  publisher={Oxford University Press}
  }

@article{hastie1984principal,
  title={Principal curves and surfaces},
  author={Hastie, T.},
  journal={Technical report},
  volume={11},
  year={1984},
  publisher={Department of Statistics and Computational Group
Stanford Linear Accelerator Center}
}

@article{hastie1989principal,
  title={Principal Curves},
  author={Hastie, T. and Stuetzle, W.},
  journal={Journal of the American Statistical Association},
  volume={84},
  number={406},
  pages={502-516},
  year={1989},
  publisher={American Statistical Association}
}

@article{ozertem2011locally,
  title={Locally defined principal curves and surfaces},
  author={Ozertem, U. and Erdogmus, D.},
  journal={Journal of Machine learning research},
  volume={12},
  pages={1249-1286},
  year={2011}
}

@article{reich2010automated,
  title={Automated vs. conventional tractography in multiple sclerosis: Variability and
correlation with disability},
  author={Reich, D. and Ozturk, A. and Calabresi, P. and Mori, S.},
  journal={NeuroImage},
  volume={49},
  pages={3047-3056},
  year={2010}
}

@article{wood2003thin,
  title={Thin plate regression splines},
  author={Wood, S.},
  journal={Journal of the royal statistical society},
  series={B},
  volume={65},
  number={1},
  pages={95-114},
  year={2003},
  publisher={Royal Statistical Society}
  }

@article{zipunnikov2011functional,
  title={Longitudinal high-dimensional data analysis},
  author={Zipunnikov, Vadim and Greven, Sonja and Caffo, Brian and Reich, Daniel S. and Crainiceanu, Ciprian},
  journal={Johns Hopkins University, Dept. of Biostatistics Working Papers},
  year={2011},
  volume={234}
}

@article{saul2003think,
 author = {Saul, Lawrence K. and Roweis, Sam T.},
 title = {Think globally, fit locally: unsupervised learning of low dimensional manifolds},
 journal = {J. Mach. Learn. Res.},
 volume = {4},
 month = {dec},
 year = {2003},
 issn = {1532-4435},
 pages = {119--155},
 publisher = {JMLR.org},
}
@article{dong1996nonlinear,
title = {Nonlinear principal component analysis based on principal curves and neural
networks},
journal = {Computers Chemical Engineering},
volume = {20},
number = {1},
pages = {65 - 78},
year = {1996},
note = {},
issn = {0098-1354},
author = {D. Dong and T.J. McAvoy}
}

@article{kohunen1990theself,
author={Kohonen, T.},
journal={Proceedings of the IEEE}, title={The self-organizing map},
year={1990},
month={sep},
volume={78},
number={9},
pages={1464 -1480},
ISSN={0018-9219},}

@article {kohonen1982self-organize,
   author = {Kohonen, Teuvo},
   title = {Self-organized formation of topologically correct feature maps},
   journal = {Biological Cybernetics},
   publisher = {Springer Berlin / Heidelberg},
   issn = {0340-1200},
   keywords = {Biomedical and Life Sciences},
   pages = {59-69},
   volume = {43},
   year = {1982}
}

@article {hoppe1994surface,
   author = {Hoppe, Hugues and DeRose, Tony and Duchamp, Tom and McDonald, John and
   Stuetzle, Werner},
   title = {Surface reconstruction from unorganized points},
   journal = {Computer Graphics},
   pages = {71-78},
   volume = {26},
   year = {1994}
}

@book {gnanadesikan1977methods,
    author = {Gnanadesikan, H},
    title = {Methods for Statistical Analysis of Multivariate Observations},
    publisher = {Wiley, New York},
    year = {1997}
}
@book {himmelblau1972applied,
    author = {Himmelblau, David M.},
    title = {Applied nonlinear programming},
    publisher = {McGraw-Hill (New York)},
    year = {1972}
}

@article{kramer1992autoassociative,
title = "Autoassociative neural networks",
journal = "Computers and Chemical Engineering",
volume = "16",
number = "4",
pages = "313 - 328",
year = "1992",
note = "Neutral network applications in chemical engineering",
issn = "0098-1354",
author = "M.A. Kramer"
}

@article {kramer1991nonlinear,
author = {Kramer, Mark A.},
title = {Nonlinear principal component analysis using autoassociative neural networks},
journal = {AIChE Journal},
volume = {37},
number = {2},
publisher = {American Institute of Chemical Engineers},
issn = {1547-5905},
pages = {233--243},
year = {1991},
}

@article{palus1992singular,
title = {Singular-value decomposition in attractor reconstruction: Pitfalls and
precautions},
journal = {Physica D: Nonlinear Phenomena},
volume = {55},
number = {1–2},
pages = {221 - 234},
year = {1992},
issn = {0167-2789},
author = {Milan Palus and Ivan Dvorak}
}

@article{leblanc1994adaptive,
author = {Leblanc, Michael and Tibshirani, Robert},
title = {Adaptive Principal Surfaces},
journal = {Journal of the American Statistical Association},
volume = {89},
number = {425},
pages = {53-64},
year = {1994},
}

@article{caffo2007acasestudy,
author = {Caffo, Brian S. and Crainiceanu, Ciprian M. and Deng, Lijuan and Hendrix, Craig
W.},
title = {A case study in pharmacologic imaging using principal curves in single photon
emission computed tomography},
year = {2007},
volume = {143},
journal = {Johns Hopkins University, Dept. of Biostatistics Working Papers},
}

@article{goldsmith2012longitudinal,
  title={Longitudinal penalized functional regression for cognitive outcomes on neuronal tract measurements},
  author={Goldsmith, J. and Crainiceanu, C.M. and Caffo, B. and Reich, D.},
  journal={Journal of the Royal Statistical Society: Series C (Applied Statistics)},
  year={2012},
  publisher={Blackwell Publishing Ltd}
}
@article{goldsmith2011nonlinear,
  title={Nonlinear tube-fitting for the analysis of anatomical and functional structures},
  author={Goldsmith, J. and Caffo, B. and Crainiceanu, C. and Reich, D. and Du, Y. and Hendrix, C.},
  journal={The annals of applied statistics},
  volume={5},
  number={1},
  pages={337-363},
  year={2011},
  publisher={NIH Public Access}
}
@article{goldsmith2011penalized1,
  title={Penalized functional regression analysis of white-matter tract profiles in multiple sclerosis},
  author={Goldsmith, J. and Crainiceanu, C.M. and Caffo, B.S. and Reich, D.S.},
  journal={NeuroImage},
  year={2011},
  publisher={Elsevier}
}

@article{goldsmith2011functional,
  title={Functional regression via variational Bayes},
  author={Goldsmith, J. and Wand, M.P. and Crainiceanu, C.},
  journal={Electronic Journal of Statistics},
  volume={5},
  pages={572--602},
  year={2011},
  publisher={Institute of Mathematical Statistics}
}

@article{goldsmith2010penalized,
  title={Penalized functional regression},
  author={Goldsmith, J. and Feder, J. and Crainiceanu, C.M. and Caffo, B. and Reich, D.},
  journal={Johns Hopkins University, Dept. of Biostatistics Working Papers},
  pages={204},
  year={2010},
  publisher={bepress}
}

@article{zhu2011fadtts,
  title={FADTTS: Functional analysis of diffusion tensor tract statistics},
  author={Zhu, H. and Kong, L. and Li, R. and Styner, M. and Gerig, G. and Lin, W. and Gilmore, J.H.},
  journal={NeuroImage},
  volume={56},
  number={3},
  pages={1412--1425},
  year={2011},
  publisher={Elsevier}
}

@article{zhu2010frats,
  title={Frats: Functional regression analysis of dti tract statistics},
  author={Zhu, H. and Styner, M. and Tang, N. and Liu, Z. and Lin, W. and Gilmore, J.H.},
  journal={Medical Imaging, IEEE Transactions on},
  volume={29},
  number={4},
  pages={1039--1049},
  year={2010},
  publisher={IEEE}
}
