@article{duchon1977splines,
  title={Splines minimizing rotation-invariant semi-norms in soboley spaces},
  author={Duchon, J.},
  journal={Lecture notes in mathematics},
  volume={571/1977},
  pages={85-100},
  year={1977},
  publisher={Springer}
  }


@article{hastie1984principal,
  title={Principal curves and surfaces},
  author={Hastie, T.},
  journal={Technical report},
  volume={11},
  year={1984},
  publisher={Department of Statistics and Computational Group
Stanford Linear Accelerator Center}
}

@article{hastie1989principal,
  title={Principal Curves},
  author={Hastie, T. and Stuetzle, W.},
  journal={Journal of the American Statistical Association},
  volume={84},
  number={406},
  pages={502-516},
  year={1989},
  publisher={American Statistical Association}
}

@article{wood2003thin,
  title={Thin plate regression splines},
  author={Wood, S.},
  journal={Journal of the royal statistical society},
  series={B},
  volume={65},
  number={1},
  pages={95-114},
  year={2003},
  publisher={Royal Statistical Society}
  }

@article{zipunnikov2011functional,
  title={Longitudinal high-dimensional data analysis},
  author={Zipunnikov, Vadim and Greven, Sonja and Caffo, Brian and Reich, Daniel S. and Crainiceanu, Ciprian},
  journal={Johns Hopkins University, Dept. of Biostatistics Working Papers},
  year={2011},
  volume={234}
}


@article{goldsmith2011functional,
  title={Functional regression via variational Bayes},
  author={Goldsmith, J. and Wand, M.P. and Crainiceanu, C.},
  journal={Electronic Journal of Statistics},
  volume={5},
  pages={572--602},
  year={2011},
  publisher={Institute of Mathematical Statistics}
}

@article{goldsmith2010penalized,
  title={Penalized functional regression},
  author={Goldsmith, J. and Feder, J. and Crainiceanu, C.M. and Caffo, B. and Reich, D.},
  journal={Johns Hopkins University, Dept. of Biostatistics Working Papers},
  pages={204},
  year={2010},
  publisher={bepress}
}

@article{Luders2009decreased,
title = "Decreased Callosal Thickness in Attention-Deficit/Hyperactivity Disorder",
journal = "Biological Psychiatry",
volume = "65",
number = "1",
pages = "84 - 88",
year = "2009",
note = "<ce:title>Perception, Empathy, and Reward in Attention-Deficit/Hyperactivity Disorder and Autism</ce:title>",
issn = "0006-3223",
url = "http://www.sciencedirect.com/science/article/pii/S0006322308010767",
author = "Eileen Luders and Katherine L. Narr and Liberty S. Hamilton and Owen R. Phillips and Paul M. Thompson and Jessica S. Valle and Melissa Del'Homme and Tony Strickland and James T. McCracken and Arthur W. Toga and Jennifer G. Levitt"
}

@article{vidal2006mapping,
  title={Mapping corpus callosum deficits in autism: an index of aberrant cortical connectivity},
  author={Vidal, C.N. and Nicolson, R. and DeVito, T.J. and Hayashi, K.M. and Geaga, J.A. and Drost, D.J. and Williamson, P.C. and Rajakumar, N. and Sui, Y. and Dutton, R.A. and others},
  journal={Biological Psychiatry},
  volume={60},
  number={3},
  pages={218--225},
  year={2006},
  publisher={[New York]: Elsevier, 1969-}
}

@article{luders2006parasagittal,
  title={Parasagittal asymmetries of the corpus callosum},
  author={Luders, E. and Narr, KL and Zaidel, E. and Thompson, PM and Jancke, L. and Toga, AW},
  journal={Cerebral Cortex},
  volume={16},
  number={3},
  pages={346--354},
  year={2006},
  publisher={Oxford Univ Press}
}

@article{reich2010automated,
  title={Automated vs. conventional tractography in multiple sclerosis: Variability and
correlation with disability},
  author={Reich, D. and Ozturk, A. and Calabresi, P. and Mori, S.},
  journal={NeuroImage},
  volume={49},
  pages={3047-3056},
  year={2010}
}

@article{crainiceanu2010bayesian,
  title={Bayesian functional data analysis using WinBUGS},
  author={Crainiceanu, C and Goldsmith, J},
  journal={J Stat Softw},
  volume={32},
  number={11},
  year={2010}
}

@article{crainiceanu2011statisticaldifference,
  title={Statistical inference on the difference in the means of two correlated functional processes: an application to sleep EEG power spectra},
  author={Crainiceanu, C.M. and Staicu, A.M. and Ray, S. and Punjabi, N.},
  year={2011}
}


%%%%%%%%%%%%%%%%%%%%%%%%%%%%
%Random Walk priors for Beta
@article{lang2004bayesian,
  title={Bayesian P-splines},
  author={Lang, S. and Brezger, A.},
  journal={Journal of computational and graphical statistics},
  volume={13},
  number={1},
  pages={183--212},
  year={2004},
  publisher={American Statistical Association}
}
@article{Brezger:Kneib:Lang:2005:BaysX,
  author =	"Andreas Brezger and Thomas Kneib and Stefan Lang",
  title =	"BayesX: Analyzing Bayesian Structural Additive Regression Models",
  journal =	"Journal of Statistical Software",
  volume =	"14",
  number =	"11",
  pages =	"1--22",
  day =  	"9",
  month =	"9",
  year = 	"2005",
  CODEN =	"JSSOBK",
  ISSN = 	"1548-7660",
  bibdate =	"2005-09-09",
  URL =  	"http://www.jstatsoft.org/v14/i11",
  accepted =	"2005-09-09",
  acknowledgement = "",
  keywords =	"",
  submitted =	"2004-06-18",
}
%%%%%%%%%%%%%%%%%%%%%%%%%%%%